<record><leader>00000cas a22000007a 4500</leader><controlfield tag="001">10649219</controlfield><controlfield tag="008">840420d19821989mnucr ne      0   a0eng d</controlfield><datafield ind1=" " ind2=" " tag="010"><subfield code="a">sn 84007733 </subfield></datafield><datafield ind1=" " ind2=" " tag="040"><subfield code="a">NSD</subfield><subfield code="b">eng</subfield><subfield code="c">NSD</subfield><subfield code="d">MN#</subfield><subfield code="d">OCLCQ</subfield><subfield code="d">OCLCF</subfield><subfield code="d">OCLCO</subfield></datafield><datafield ind1=" " ind2=" " tag="012"><subfield code="j">0</subfield><subfield code="m">d</subfield></datafield><datafield ind1="1" ind2=" " tag="022"><subfield code="a">0747-2307</subfield><subfield code="l">0747-2307</subfield><subfield code="2">1</subfield></datafield><datafield ind1=" " ind2=" " tag="037"><subfield code="b">Tuff Publishing, 111 N. Main, P.O. Box 5, Blue Earth, MN 56013</subfield></datafield><datafield ind1=" " ind2=" " tag="042"><subfield code="a">nsdp</subfield></datafield><datafield ind1=" " ind2=" " tag="043"><subfield code="a">n-us-mn</subfield></datafield><datafield ind1=" " ind2=" " tag="052"><subfield code="a">4144</subfield><subfield code="b">B6</subfield></datafield><datafield ind1=" " ind2=" " tag="052"><subfield code="a">4143</subfield><subfield code="b">F3</subfield></datafield><datafield ind1=" " ind2="0" tag="222"><subfield code="a">Post ambassador</subfield></datafield><datafield ind1="0" ind2="0" tag="245"><subfield code="a">Post ambassador.</subfield></datafield><datafield ind1=" " ind2=" " tag="260"><subfield code="a">Blue Earth, MN :</subfield><subfield code="b">Tuff Pub.,</subfield><subfield code="c">1982-1989.</subfield></datafield><datafield ind1=" " ind2=" " tag="300"><subfield code="a">8 v.</subfield></datafield><datafield ind1=" " ind2=" " tag="310"><subfield code="a">Semiweekly,</subfield><subfield code="b">Sept. 24, 1984-July 20, 1989</subfield></datafield><datafield ind1=" " ind2=" " tag="321"><subfield code="a">Weekly,</subfield><subfield code="b">Jan. 6, 1982-Sept. 20, 1984</subfield></datafield><datafield ind1="0" ind2=" " tag="362"><subfield code="a">Vol. 114, no. 3 (Jan. 6, 1982)-121st year, no. 31 (July 20, 1989).</subfield></datafield><datafield ind1=" " ind2=" " tag="530"><subfield code="a">Available on microfilm from the Minnesota Historical Society.</subfield></datafield><datafield ind1=" " ind2=" " tag="580"><subfield code="a">Formed by the union of: Blue Earth post; and, Elmore eye; and: Winnebago enterprise.</subfield></datafield><datafield ind1=" " ind2="0" tag="651"><subfield code="a">Faribault County (Minn.)</subfield><subfield code="v">Newspapers.</subfield></datafield><datafield ind1=" " ind2="7" tag="655"><subfield code="a">Newspapers.</subfield><subfield code="2">fast</subfield><subfield code="0">(OCoLC)fst01423814</subfield></datafield><datafield ind1=" " ind2="7" tag="651"><subfield code="a">Minnesota</subfield><subfield code="z">Faribault County.</subfield><subfield code="2">fast</subfield><subfield code="0">(OCoLC)fst01217797</subfield></datafield><datafield ind1=" " ind2=" " tag="752"><subfield code="a">United States</subfield><subfield code="b">Minnesota</subfield><subfield code="c">Faribault</subfield><subfield code="d">Blue Earth.</subfield></datafield><datafield ind1=" " ind2=" " tag="752"><subfield code="a">United States</subfield><subfield code="b">Minnesota</subfield><subfield code="c">Faribault</subfield><subfield code="d">Elmore.</subfield></datafield><datafield ind1=" " ind2=" " tag="752"><subfield code="a">United States</subfield><subfield code="b">Minnesota</subfield><subfield code="c">Faribault</subfield><subfield code="d">Winnebago.</subfield></datafield><datafield ind1="1" ind2="4" tag="780"><subfield code="t">Blue Earth post</subfield><subfield code="w">(DLC)sn 90057609</subfield><subfield code="w">(OCoLC)1536608</subfield></datafield><datafield ind1="1" ind2="4" tag="780"><subfield code="t">Elmore eye</subfield><subfield code="w">(DLC)sn 90057618</subfield></datafield><datafield ind1="1" ind2="4" tag="780"><subfield code="t">Winnebago enterprise</subfield><subfield code="w">(DLC)sn 90057632</subfield></datafield><datafield ind1="0" ind2="0" tag="785"><subfield code="t">Faribault County register (Blue Earth, Minn. : 1989)</subfield><subfield code="x">1045-7429</subfield><subfield code="w">(DLC)sn 89003803</subfield></datafield><datafield ind1=" " ind2=" " tag="936"><subfield code="a">Aug. 17, 1983</subfield></datafield></record>